%@article{Xarticle,
    author    = "",
    title     = "",
    journal   = "",
    volume   = "",
    number   = "",
    pages    = "",
    year      = "XXXX",
    month    = "",
    note     = "",
}


@article{combination_stat,
author  = "The ATLAS, CMS Collaborations and the LHC Higgs Combination Group",
title   = "\textit{Procedure for the LHC Higgs boson search combination in summer 2011}",
year    = "2011",
journal = "ATL-PHYS-PUB-2011-11, CMS-NOTE-2011-005",
volume  = "",
}

@article{cowan_asimov,
author  = "G. Cowan, K. Cranmer, E. Gross, and O. Vitells",
title   = "\textit{Asymptotic formulae for likelihood-based tests of new physics}",
year    = "2011",
journal = "The European Physical Journal C",
volume  = "\textbf{71}",
pages   = "1--19",
}

%@article{spin2_ref,
author  = "S. Bolognesi, Y. Gao, A. V. Gritsan \textit{et al}",
title   = "\textit{On the spin and parity of a single-produced resonance at the LHC}",
year    = "arXiv:1208.4018"
}

%@article{PhysRevD.30.248,
  title = {Higgs-scalar decays: $H$\rightarrow${}{W}^{\ifmmode\pm\else\textpm\fi{}}+X$},
  author = {Keung, Wai-Yee and Marciano, William J.},
  journal = {Phys. Rev. D},
  volume = {30},
  issue = {1},
  pages = {248--250},
  year = {1984},
  month = {Jul},
  doi = {10.1103/PhysRevD.30.248},
  url = {http://link.aps.org/doi/10.1103/PhysRevD.30.248},
  publisher = {American Physical Society}
}

%@article{PhysRevD.49.79,
  title = {Higgs bosons: Intermediate mass range at ${e}^{+}{e}^{-}$ colliders},
  author = {Barger, V. and Cheung, K. and Djouadi, A. and Kniehl, B. A. and Zerwas, P. M.},
  journal = {Phys. Rev. D},
  volume = {49},
  issue = {1},
  pages = {79--90},
  year = {1994},
  month = {Jan},
  doi = {10.1103/PhysRevD.49.79},
  url = {http://link.aps.org/doi/10.1103/PhysRevD.49.79},
  publisher = {American Physical Society}
}

% Master reference for SM Higgs theory 
@article{Djouadi20081,
title = "The anatomy of electroweak symmetry breaking: Tome I: The Higgs boson in the Standard Model ",
journal = "Physics Reports ",
volume = "457",
number = "1–4",
pages = "1 - 216",
year = "2008",
note = "",
issn = "0370-1573",
doi = "http://dx.doi.org/10.1016/j.physrep.2007.10.004",
url = "http://www.sciencedirect.com/science/article/pii/S0370157307004334",
author = "Abdelhak Djouadi"
}

% WW scattering detailed calculation 
@article{PhysRevD.16.1519,
    title = {Weak interactions at very high energies: The role of the Higgs-boson mass},
    author = {Lee, Benjamin W. and Quigg, C. and Thacker, H. B.},
    journal = {Phys. Rev. D},
    volume = {16},
    issue = {5},
    pages = {1519--1531},
    year = {1977},
    month = {Sep},
    doi = {10.1103/PhysRevD.16.1519},
    url = {http://link.aps.org/doi/10.1103/PhysRevD.16.1519},
    publisher = {American Physical Society}
}

% Higgs Hunter's Guide
@article{Gunion:1989we,
    author         = "Gunion, John F. and Haber, Howard E. and Kane, Gordon L.
                      and Dawson, Sally",
    title          = "{The Higgs Hunter's Guide}",
    journal        = "Front.Phys.",
    volume         = "80",
    pages          = "1-448",
    year           = "2000",
    reportNumber   = "SCIPP-89/13, UCD-89-4, BNL-41644",
    SLACcitation   = "%%CITATION = FRPHA,80,1;%%",
}

% Higgs mass theory constraints : Hitoshi and Kolda 
@article{Kolda:2000wi,
    author         = "Kolda, Christopher F. and Murayama, Hitoshi",
    title          = "{The Higgs mass and new physics scales in the minimal
                       standard model}",
    journal        = "JHEP",
    volume         = "0007",
    pages          = "035",
    year           = "2000",
    eprint         = "hep-ph/0003170",
    archivePrefix  = "arXiv",
    primaryClass   = "hep-ph",
    reportNumber   = "LBNL-45295, UCB-PTH-00-09, LBL-45295",
    SLACcitation   = "%%CITATION = HEP-PH/0003170;%%",
}

% EWK precision measurement
@article{LEP-2,
    author = "{The ALEPH, DELPHI, L3, OPAL Collaborations, the LEP Electroweak Working Group}",
    title = "{Electroweak Measurements in Electron-Positron Collisions at W-Boson-Pair Energies at LEP}",
    year = "2013",
    eprint = "1302.3415",
    archivePrefix = "arXiv",
    primaryClass = "hep-ex",
    reportNumber = "CERN-PH-EP-2013-022",
    SLACcitation = "%%CITATION = ARXIV:1302.3415;%%",
}

%pdg2012
@article{Beringer:1900zz,
    author         = "Beringer, J. and others",
    title          = "{Review of Particle Physics (RPP)}",
    collaboration  = "Particle Data Group",
    journal        = "Phys.Rev.",
    volume         = "D86",
    pages          = "010001",
    doi            = "10.1103/PhysRevD.86.010001",
    year           = "2012",
    SLACcitation   = "%%CITATION = PHRVA,D86,010001;%%",
}

% CMS 7 TeV Higgs results 
@article{Chatrchyan201226,
title = "Combined results of searches for the standard model Higgs boson in pp collisions at ",
journal = "Physics Letters B ",
volume = "710",
number = "1",
pages = "26 - 48",
year = "2012",
note = "",
issn = "0370-2693",
doi = "http://dx.doi.org/10.1016/j.physletb.2012.02.064",
url = "http://www.sciencedirect.com/science/article/pii/S0370269312002055",
author = "CMS Collaboration", 
}

% ATLAS 7 TeV Higgs results  
@article{Aad201249,
title = "Combined search for the Standard Model Higgs boson using up to 
         4.9 \ifb{} of pp collision data at with the ATLAS detector at the LHC",
journal = "Physics Letters B ",
volume = "710",
number = "1",
pages = "49 - 66",
year = "2012",
note = "",
issn = "0370-2693",
doi = "http://dx.doi.org/10.1016/j.physletb.2012.02.044",
url = "http://www.sciencedirect.com/science/article/pii/S0370269312001852",
author = "ATLAS Collaboration", 
}

%CMS HWW 2011 
@article{Chatrchyan201291,
title = "Search for the standard model Higgs boson decaying to in the fully leptonic final state in pp collisions at ",
journal = "Physics Letters B ",
volume = "710",
number = "1",
pages = "91 - 113",
year = "2012",
note = "",
issn = "0370-2693",
doi = "http://dx.doi.org/10.1016/j.physletb.2012.02.076",
url = "http://www.sciencedirect.com/science/article/pii/S0370269312002274",
author = "CMS Collaboration", 
}

% CMS TDR I
%@book{Bayatian:922757,
@book{cmstdr1,
title         = "{CMS Physics: Technical Design Report Volume 1: Detector Performance and Software}",
publisher     = "CERN",
collaboration = "CMS Collaboration",
address       = "Geneva",
series        = "Technical Design Report CMS",
year          = "2006",
note          = "There is an error on cover due to a technical problem for some items",
}

% CMS track filtering CMS Note 
@article{cmsnotetrackfilter,
title         = {Optimal filtering of fake tracks},
author        = {P. Azzurri and B. Mangano},
journal       = {CMS Internal Note},
year          = {2008} 
number        = {2008/017} 
}

% CMS iterative tracking CMS Note 
@article{cmsnoteiterativetracking,
title         = {Iterative Tracking},
author        = {M. Pioppi},
journal       = {CMS Internal Note},
year          = {2008} 
number        = {2007/065} 
}

% GSF electron in CMS 
@article{0954-3899-31-9-N01,
    author={W Adam and R Frühwirth and A Strandlie and T Todorov},
    title={Reconstruction of electrons with the Gaussian-sum filter in the CMS tracker at the LHC},
    journal={Journal of Physics G: Nuclear and Particle Physics},
    volume={31},
    number={9},
    pages={N9},
    url={http://stacks.iop.org/0954-3899/31/i=9/a=N01},
    year={2005}
}

% CMS muon reconstruction/performance at 7 TeV
@article{1748-0221-7-10-P10002,
    author={The CMS collaboration},
    title={Performance of CMS muon reconstruction in pp collision events at √s = 7 TeV},
    journal={Journal of Instrumentation},
    volume={7},
    number={10},
    pages={P10002},
    url={http://stacks.iop.org/1748-0221/7/i=10/a=P10002},
    year={2012},
}

% CMS PAS HWW ICHEP2012 shape 
@article{CMS-PAS-HIG-12-038, 
    author={The CMS collaboration},
    title={Search for the standard model Higgs boson decaying to a W pair in the fully leptonic final state in pp collisions at sqrt(s) = 8 TeV},
    journal={Physics Analysis Summary}, 
    number={CMS-PAS-HIG-12-038}},
    year={2012},
    url={http://cds.cern.ch/record/1478185/files/HIG-12-038-pas.pdf},
}

% tW cross section uncertainty
@article{Kidonakis:2012rm,
    author         = "Kidonakis, Nikolaos",
    title          = "{NNLL threshold resummation for top-pair and single-to production}",
    year           = "2012",
    eprint         = "1210.7813",
    archivePrefix  = "arXiv",
    primaryClass   = "hep-ph",
%    SLACcitation   = "%%CITATION = ARXIV:1210.7813;%%",
}
